@inproceedings{dengsheng2018research,
  title={Research and Design of PV MPPT Based on STM32},
  author={Dengsheng, Wu and Lidi, Wang and Chuncheng, Han and Tong, Liu and Chenglong, Zhou and Chenyang, Li},
  booktitle={2018 Chinese Control And Decision Conference (CCDC)},
  pages={4971--4974},
  year={2018},
  organization={IEEE}
}

@article{cheddadi2018design,
  title={Design and verification of photovoltaic MPPT algorithm as an automotive-based embedded software},
  author={Cheddadi, Youssef and Errahimi, Fatima and Es-sbai, Najia},
  journal={Solar Energy},
  volume={171},
  pages={414--425},
  year={2018},
  publisher={Elsevier}
}

@misc{waijungblockset,    
   author={aimagin},
   url={https://waijung1.aimagin.com/},
   year={2017},
   journal={Waijung Blockset}
} 

@article{gammoudi2015stm,
  title={STM microcontroller implementation of MPPT algorithms for stand-alone PV Water Pumping System},
  author={Gammoudi, Rabiaa and Rebei, Najet and Hasnaoui, Othman},
  journal={International Journal of Engineering and Technical Research (IJETR)},
  year={2015}
}

@inproceedings{durgadevi2011study,
  title={Study and implementation of Maximum Power Point Tracking (MPPT) algorithm for Photovoltaic systems},
  author={Durgadevi, A and Arulselvi, S and Natarajan, SP},
  booktitle={2011 1st International Conference on Electrical Energy Systems},
  pages={240--245},
  year={2011},
  organization={IEEE}
}

@phdthesis{motahhir2018contribution,
  title={Contribution to the optimization of energy withdrawn from a PV panel using an Embedded System},
  author={Motahhir, Saad},
  year={2018},
  school={Universit{\'e} Sidi Mohamed Ben Abdellah}
}

@article{rocabert2012control,
  title={Control of power converters in AC microgrids},
  author={Rocabert, Joan and Luna, Alvaro and Blaabjerg, Frede and Rodriguez, Pedro},
  journal={IEEE transactions on power electronics},
  volume={27},
  number={11},
  pages={4734--4749},
  year={2012},
  publisher={IEEE}
}

@article{antchev2013international,
  title={INTERNATIONAL JOURNAL OF ELECTRICAL ENGINEERING \& TECHNOLOGY (IJEET)},
  author={Antchev, Mihail and Pandiev, Ivailo and Petkova, Mariya and Stoimenov, Eltimir and Tomova, Angelina and Antchev, Hristo},
  journal={Journal Impact Factor},
  volume={4},
  number={5},
  pages={56--77},
  year={2013},
  publisher={Citeseer}
}

@article{cupertino2010running,
  title={Running DFT-based PLL algorithm for frequency, phase, and amplitude tracking in aircraft electrical systems},
  author={Cupertino, Francesco and Lavopa, Elisabetta and Zanchetta, Pericle and Sumner, Mark and Salvatore, Luigi},
  journal={IEEE Transactions on industrial Electronics},
  volume={58},
  number={3},
  pages={1027--1035},
  year={2010},
  publisher={IEEE}
}

@article{hsieh1996phase,
  title={Phase-locked loop techniques. A survey},
  author={Hsieh, Guan-Chyun and Hung, James C},
  journal={IEEE Transactions on industrial electronics},
  volume={43},
  number={6},
  pages={609--615},
  year={1996},
  publisher={IEEE}
}

@article{guo2011phase,
  title={Phase locked loop and synchronization methods for grid-interfaced converters: a review},
  author={Guo, Xiao-Qiang and Wu, Wei-Yang and Gu, He-Rong},
  journal={Przeglad Elektrotechniczny},
  volume={87},
  number={4},
  pages={182--187},
  year={2011}
}
@article{devi2015phase,
  title={Phase locked loop for synchronization of inverter with electrical grid: a survey},
  author={Devi, Rajan J and Kadam, Supriya S},
  journal={International Journal of Engineering Research \& Technology (IJERT)},
  volume={4},
  number={2},
  pages={352--358},
  year={2015}
}
@book{schlabbach2001voltage,
  title={Voltage quality in electrical power systems},
  author={Schlabbach, J and Blume, D and Stephanblome, T},
  volume={241},
  year={2001},
  publisher={IET}
}

@article{ghoshal2007method,
  title={A method to improve PLL performance under abnormal grid conditions},
  author={Ghoshal, Anirban and John, Vinod},
  journal={Proc. NPEC},
  volume={7},
  pages={17--19},
  year={2007},
  publisher={Citeseer}
}

@article{tamkoriadesign,
  title={Design and Analysis of Microcontroller-Based, Maximum Power Point Tracker for Photovoltaic Power Systems},
  journal={IJSR},
  year={2016},
  author={Tamkoria, Ankit and Kumar, Neelesh}
}

@misc{stmicroelectronics, title={TrueSTUDIO}, url={https://www.st.com/en/development-tools/truestudio.html},
year={2021},journal={STMicroelectronics}}

@misc{stmicroelectronics1, title={STSW-LINK004}, url={https://www.st.com/en/development-tools/stsw-link004.html},year={2021}, journal={STMicroelectronics}}

@article{golestan2012design,
  title={Design-oriented study of advanced synchronous reference frame phase-locked loops},
  author={Golestan, Saeed and Monfared, Mohammad and Freijedo, Francisco D},
  journal={IEEE Transactions on Power Electronics},
  volume={28},
  number={2},
  pages={765--778},
  year={2012},
  publisher={IEEE}
}

@article{gonzalez2011adaptive,
  title={An adaptive synchronous-reference-frame phase-locked loop for power quality improvement in a polluted utility grid},
  author={Gonz{\'a}lez-Esp{\'\i}n, Fran and Figueres, Emilio and Garcer{\'a}, Gabriel},
  journal={IEEE Transactions on Industrial Electronics},
  volume={59},
  number={6},
  pages={2718--2731},
  year={2011},
  publisher={IEEE}
}







@misc{wikipedia_2021, title={Solar energy}, url={https://en.wikipedia.org/wiki/Solar\_energy}, journal={Wikipedia}, publisher={Wikimedia Foundation}, year={2021}, month={May}}

@misc{currentstatus|ministryofnewandrenewableenergy|governmentofindia, title={Current Status: Ministry of New and Renewable Energy, Government of India}, url={https://mnre.gov.in/solar/current-status/},year={2021}, journal={Current Status | Ministry of New and Renewable Energy, Government of India}}

@misc{mnre, title={Solar Off-Grid}, url={https://mnre.gov.in/solar/solar-offgrid}, year={2021},journal={MNRE}}

@misc{mnre1, title={Solar On-Grid}, url={https://mnre.gov.in/solar/solar-ongrid}, year={2021}, journal={MNRE}}

@book{castellano2010solar,
  title={Solar panel processing},
  author={Castellano, Robert N},
  year={2010},
  publisher={Archives contemporaines}
}

@article{yadav2015enhancement,
  title={Enhancement in efficiency of PV cell through P\&O algorithm},
  author={Yadav, A and Kumar, P and Rpsgoi, M},
  journal={International Journal for Technological Research in Engineering},
  volume={2},
  pages={2642--2644},
  year={2015}
}

@article{zhang2014photovoltaics,
  title={Photovoltaics: reviewing the European feed-in-tariffs and changing PV efficiencies and costs},
  author={Zhang, HL and Van Gerven, Tom and Baeyens, Jan and Degr{\`e}ve, Jan},
  journal={The Scientific World Journal},
  volume={2014},
  year={2014},
  publisher={Hindawi}
}

@article{kamil2010grid,
  title={Grid-connected solar microinverter reference design using a dsPIC{\textregistered} digital signal controller},
  author={Kamil, Mohammad},
  journal={Microchip Application Notes AN1338},
  year={2010}
}


@article{stevenson53slimmer,
  title={Slimmer solar cells},
  author={Stevenson, R},
  journal={Ingenia},
  volume={53},
  year={2014},
  pages={33--37}
}

@misc{*_2019, title={Inverters: Working, Different Types, Circuit Working and Its Applications}, url={https://www.elprocus.com/what-is-an-inverter-types-circuit-diagram-applications/}, journal={ElProCus}, author={*, Name}, year={2019}, month={May}}

@inproceedings{al2018review,
  title={Review different types of MPPT techniques for photovoltaic systems},
  author={Al-Rubaye, Mohannad Jabbar Mnati and Gino Morais Araujo, Victor and Kadhim Abed, Jameel and Van den Bossche, Alex},
  booktitle={International Conference on Sustainable Energy and Environment Sensing (SEES 2018)},pages={7},
  year={2018}
}

@misc{um14722012stm32f4discovery,
  title={STM32F4DISCOVERY, STM32F4 High Performance Discovery Board},
  author={UM1472, STMicroelectronics User Manual},
  year={2012}
}

@misc{oorjanblog_2018, title={Solar Inverter - Types of Solar Inverters in India}, url={https://www.oorjan.com/blog/2018/04/09/types-solar-inverter-india/}, journal={Oorjan Blog}, year={2018}, month={May}}

@inproceedings{silva2004performance,
  title={Performance evaluation of PLL algorithms for single-phase grid-connected systems},
  author={Silva, Sidelmo M and Lopes, Bruno M and Campana, Rodrigo P and Bosventura, WC and others},
  booktitle={Conference Record of the 2004 IEEE Industry Applications Conference, 2004. 39th IAS Annual Meeting.},
  volume={4},
  pages={2259--2263},
  year={2004},
  organization={IEEE}
}

@inproceedings{jain2004survey,
  title={A survey of harmonics: Indian scenario},
  author={Jain, Shailendra and Agarwal, Pramod and Gupta, HO},
  booktitle={Proceedings of the IEEE INDICON 2004. First India Annual Conference, 2004.},
  pages={84--89},
  year={2004},
  organization={IEEE}
}